### HISTORIC


@book {lang,
    AUTHOR = {Lang, Serge},
     TITLE = {Algebra},
    SERIES = {Graduate Texts in Mathematics},
    VOLUME = {211},
   EDITION = {third},
 PUBLISHER = {Springer-Verlag, New York},
      YEAR = {2002},
     PAGES = {xvi+914},
      ISBN = {0-387-95385-X},
   MRCLASS = {00A05 (15-02)},
  MRNUMBER = {1878556},
       DOI = {10.1007/978-1-4613-0041-0},
       URL = {https://doi.org/10.1007/978-1-4613-0041-0},
}
@article{kimber1993_aequa,
    AUTHOR = {Kimberling, Clark},
     TITLE = {Functional equations associated with triangle geometry},
   JOURNAL = {Aequationes Math.},
  FJOURNAL = {Aequationes Mathematicae},
    VOLUME = {45},
      YEAR = {1993},
    NUMBER = {2-3},
     PAGES = {127--152},
       DOI = {10.1007/BF01855873},
       URL = {https://doi.org/10.1007/BF01855873},
}

@article{kimberling1993_rocky,
    AUTHOR = {Kimberling, Clark},
     TITLE = {Triangle centers as functions},
   JOURNAL = {Rocky Mountain J. Math.},
  FJOURNAL = {The Rocky Mountain Journal of Mathematics},
    VOLUME = {23},
      YEAR = {1993},
    NUMBER = {4},
     PAGES = {1269--1286},
       DOI = {10.1216/rmjm/1181072493},
       URL = {https://doi.org/10.1216/rmjm/1181072493},
}

@book{kimberling98,
AUTHOR = {Kimberling, Clark},
TITLE = {Triangle Centers and Central Triangles},
series={Congr. Numer.},
volume={129},
publisher={Utilitas Mathematica Publishing, Inc.},
issn={0316-1282},
year={1998}
}

@BOOK{poncelet1822,
    title = {Traité sur les propriétés projectives des figures},
    publisher = {Bachelier},
    address={Paris},
    year = {1822},
    url={https://gallica.bnf.fr/ark:/12148/bpt6k9608143v.texteImage}
}

@book{darboux1917,
Title={Principes de G\'eom\'etrie Analytique},  
Author={Darboux, Gaston},
  Publisher = {Gauthier-Villars},
  Address = {Paris},
Year={1917}
}

@article{jacobi1849,
	Author = {Jacobi, C. G. J.},
	Journal = {J. reine angew. Math.},
	Pages = {376--389},
	Title = {{\"U}ber die {A}nwendung der elliptischen {T}ranscendentten auf ein bekanntes {P}roblem der {E}lementargeometrie},
	doi = {10.1515/crll.1828.3.376},
	Volume = {3},
	Year = {1828}
}

@BOOK{jacobi1884,
 Title = {Vorlesungen \"uber {D}ynamik},
  Note = {Gehalten an der {U}niversit\"at zu {K}\"onigsberg im {W}intersemester 1842--1843},
  Publisher = {Druck \& Verlag von George Reimer},
  Address = {Berlin},
	Author = {Jacobi, C. G. J.},
	Editor = {Alfred Clebsch},
	Year = {1884},
	url={https://quod.lib.umich.edu/u/umhistmath/AAS8078.0001.001/5?rgn=full+text;view=pdf}
}
	
@ARTICLE{jacobi1837,
    author = {Jacobi, C. G. J.},
    title = {Zur {T}heorie der {V}ariations-{R}echnung und der {D}ifferential-{G}leichungen},
    journal = {J. reine angew. Math.},
    volume = {17},
    year = {1837},
    pages = {68--82},
    issn = {0075-4102},
    mrclass = {DML},
    mrnumber = {1578150},
    doi = {10.1515/crll.1837.17.68},
    url = {https://doi.org/10.1515/crll.1837.17.68},
}

@article{jacobi1839,
	Author = {Jacobi, C. G. J.},
	Journal = {J. reine angew. Math.},
	Keywords = {doi:10.1515/crll.1839.19.309},
	Pages = {309--313},
	Title = {Note von der geod\"atischen {L}inie auf einem {E}llipsoid und den verschiedenen {A}nwendungen einer merkw\"urdigen analytischen {S}ubstitution [The geodesic on an ellipsoid and various applications of a remarkable analytical substitution].},
	Volume = {19},
	Year = {1839},
	doi={doi:10.1515/crll.1839.19.309},
  notes={Letter to Bessel, Dec. 28, 1838. French translation (1841)}
}

@article{darboux1870,
   year={1870},
   author={Darboux, Gaston},
   title={Sur les polygones inscrits et circonscrits à l'ellipso\"ide},
   journal={Bulletin de la Société {p}hilomatique de Paris},
   series={6e serie},
   volume={7},
   pages={92--95},
   url={https://www.biodiversitylibrary.org/item/98693#page/98/mode/1up}
}

@article{birkhoff1927,
	Author = {Birkhoff, G.},
	Da = {1927/12/01},
	Doi = {10.1007/BF02421325},
	Isbn = {1871-2509},
	Journal = {Acta Mathematica},
	Number = {1},
	Pages = {359--379},
	Title = {On the periodic motions of dynamical systems},
	Url = {https://doi.org/10.1007/BF02421325},
	Volume = {50},
	Year = {1927}
}

@article{kaloshin2018,
   author={Vadim Kaloshin and Alfonso Sorrentino},
   title={On the Integrability of {B}irkhoff Billiards},
   year={2018},
   journal={Phil. Trans. R. Soc.},
   volume={A},
   number={376},
   doi={https://doi.org/10.1098/rsta.2017.0419}
}

@ARTICLE{neumann1859,
  author={Neumann, C.},
  title={De problemate quodam mechanico, quod ad primam integralium ultraellipticorum classem revocatur},
  journal={J. reine angew. Math.},
  pages={46--63},
  year={1859},
  volume={56},
  doi = {10.1515/crll.1859.56.46}
}

@ARTICLE{griffiths1978,
author={Philipp Griffiths and Joseph Harris},
     TITLE = {On {C}ayley's explicit solution to {P}oncelet's porism},
   JOURNAL = {Enseign. Math. (2)},
  FJOURNAL = {L'Enseignement Math\'{e}matique. Revue Internationale. 2e S\'{e}rie},
    VOLUME = {24},
      YEAR = {1978},
    NUMBER = {1-2},
     PAGES = {31--40},
}
### BOOKS
@book {pugh2015,
    AUTHOR = {Pugh, Charles C.},
     TITLE = {Real mathematical analysis},
    SERIES = {Undergraduate Texts in Mathematics},
   EDITION = {Second},
 PUBLISHER = {Springer, Cham},
      YEAR = {2015},
     PAGES = {xi+478},
       DOI = {10.1007/978-3-319-17771-7},
       URL = {https://doi.org/10.1007/978-3-319-17771-7}
}
@BOOK{lockhart09,
  title={A Mathematician’s Lament},
  author={Paul Lockhart},
  publisher={Bellevue Library Press},
  year={2009},
  isbn={978-1934137178}
}

@BOOK{darboux1917book,
    author = {Darboux, Gaston},
    title ={Principes de géométrie analytique},
    publisher = {Gauthier-Villars},
    address = {Paris},
    year = {1917},
    url = {https://archive.org/details/principesdegom00darbuoft/page/n6},
}

@BOOK{birkhoff66,
  author = {Birkhoff, G. D.},
  address={Providence, RI},
  title = {Dynamical Systems},
  edition = {1966},
  year = {1927},
  url = {http://www.freeinfosociety.com/media/pdf/2219.pdf},
  zblnumber = {53.0732.01},
  series = {Colloqium Publications},
  volume = 9,
  publisher = {American Mathematical Society}
}

@BOOK{sergei91,
    author = {Sergei Tabachnikov},
    title = {Geometry and Billiards},
    series = {Student Mathematical Library},
    volume = {30},
    publisher = {American Mathematical Society},
    address={Providence, RI},
    note={Mathematics Advanced Study Semesters, University Park, PA},
    year = {2005},
    pages = {xii+176},
    isbn = {0-8218-3919-5},
    mrclass = {51-02 (37-01 37D50 37J10 70H05 82C05)},
    mrnumber = {2168892},
    mrreviewer = {Roberto Markarian},
    doi = {10.1090/stml/030},
    url = {http://www.personal.psu.edu/sot2/books/billiardsgeometry.pdf},
    zblnumber = {1119.37001},
}

@BOOK{johnson29,
    author={Johnson, Roger A.},
    title={Modern Geometry: An Elementary Treatise on the Geometry of the Triangle and the Circle},
    year={1929},
    address={Boston, MA},
    publisher={Houghton Mifflin}
}

@BOOK{coxeter67,
    author = {Coxeter, Harold S. M. and Greitzer, Samuel L.},
    title = {Geometry Revisited},
    series = {New Mathematical Library},
    volume = {19},
    publisher = {Random House, Inc.},
    address={New York},
    year = {1967},
    pages = {xiv+193},
    isbn = {[0-394-70919-5]},
    mrclass = {51-01},
    mrnumber = {3155265},
    zblnumber = {0166.16402},
}

@BOOK{kozlov91,
  title={Billiards: A Genetic Introduction to the Dynamics of Systems with Impacts},
  author={Kozlov, V. V. and Treshch{\"e}v, D. V.},
  isbn={9781470445010},
  series={Translations of mathematical monographs},
  url={https://books.google.com.br/books?id=b18buAEACAAJ},
  year={1991},
  publisher={American Mathematical Society},
  address={Providence, RI}
}

@BOOK{dragovic11,
  title={Poncelet Porisms and Beyond: Integrable Billiards, Hyperelliptic Jacobians and Pencils of Quadrics},
  author = {Vladimir Dragovi\'{c} and Milena Radnovi\'{c}},
  isbn={9783034800143},
  lccn={2011926874},
  series={Frontiers in Mathematics},
  url={https://books.google.com.br/books?id=QcOmDAEACAAJ},
  year={2011},
  publisher={Springer},
  address={Basel}
}

### ARTICLES

@article{akopyan12,
  journal={Journal of Classical Geometry},
  volume={1},
  year={2012},
  author={Arseniy Akopyan},
  title={Conjugation of lines with respect to a triangle},
  url={https://users.mccme.ru/akopyan/papers/conjugation_en.pdf},
  pages={23--31}
}

@article{schwartz07,
  author={Richard Schwartz},
  title={The {P}oncelet grid},
  journal={Adv. Geometry},
  volume={7},
  year={2007},
  pages={157--175}
}

@article{sergei17_curvature,
    author={Ivan Izmestiev and  Sergei Tabachnikov},
    title={Ivory's theorem revisited},
    journal={Journal of Integrable Systems},
    volume={2},
    number={1},
    month={January},
    year={2017},
    url={https://doi.org/10.1093/integr/xyx006}
}

@article{sergei07_grid,
  author = {Mark Levi and Sergei Tabachnikov},
  title = {The {P}oncelet Grid and Billiards in Ellipses},
  journal = {The American Mathematical Monthly},
  volume = {114},
  number = {10},
  pages = {895-908},
  year  = {2007},
  publisher = {Taylor & Francis},
  doi = {10.1080/00029890.2007.11920482},
  URL = {https://doi.org/10.1080/00029890.2007.11920482}
}

@article{sergei10_pentagram,
  title={The Pentagram Map: A Discrete Integrable System},
  author={Valentin Ovsienko and Richard Schwartz and Sergei Tabachnikov},
  journal={S. Commun. Math. Phys.},
  year={2010},
  volume={299},
  number={409},
  url={https://doi.org/10.1007/s00220-010-1075-y}
}

@article{dekov05,
  author={Sara Grozdev and Deko Dekov},
  title={A Survey of Mathematics Discovered by Computers},
  journal={International Journal of Computer Discovered Mathematics (IJCDM)},
  issn={2367-7775},
  month={november},
  year={2015},
  url={https://www.journal-1.eu/2015/01/Grozdev-Dekov-A-Survey-pp.3-20.pdf}
}

@article{dekov14,
  author={Sara Grozdev and Deko Dekov},
  title={The computer program “Discoverer” as a tool of mathematical
investigation},
  journal={International Journal of Computer Discovered Mathematics (IJCDM)},
  month={june},
  year={2014},
  url={http://www.ddekov.eu/j/2014/JCGM201405.pdf}
}


@article{minevich17,
  title={Synthetic foundations of cevian geometry, {III}: The generalized orthocenter},
  author={Igor Minevich and Patrick Morton},
  year={2017},
  journal={Journal of Geometry},
  volume={108},
  pages={437--455},
  doi={10.1007/s00022-016-0350-2},
  url={https://arxiv.org/pdf/1506.06253.pdf}
}

@ARTICLE{connes07,
  title={A Property of Parallelograms Inscribed in Ellipses},
  author={Alain Connes and Don Zagier},
  journal={The American Mathematical Monthly},
  volume={114},
  number={10},
  year={2007},
  pages={909--914},
  publisher={Mathematical Association of America},
  url={https://people.mpim-bonn.mpg.de/zagier/files/amm/114/fulltext.pdf}
}

@ARTICLE{jovanovic11,
title={What are completely integrable {H}amilton Systems},
author={Božidar Jovanović},
journal={The Teaching of Mathematics},
year={2011},
volume={13},
number={1},
pages={1--14}
}

@ARTICLE{dragovic88,
    author = {Vladimir Dragovi\'{c} and Milena Radnovi\'{c}},
    title = {Caustics of {P}oncelet polygons and classical extremal polynomials},
    journal = {Regul. Chaotic Dyn.},
    fjournal = {Regular and Chaotic Dynamics. International Scientific Journal},
    volume = {24},
    year = {2019},
    number = {1},
    pages = {1--35},
    issn = {1560-3547},
    mrclass = {37D50 (14H70 26C05 41A10 70H06)},
    mrnumber = {3908388},
    doi = {10.1134/S1560354719010015},
    url = {https://doi.org/10.1134/S1560354719010015},
}

@ARTICLE{sergei2016,
    author = {Richard Schwartz and Sergei Tabachnikov},
    title = {Centers of mass of {P}oncelet polygons, 200 years after},
    journal = {Math. Intelligencer},
    fjournal = {The Mathematical Intelligencer},
    volume = {38},
    year = {2016},
    number = {2},
    pages = {29--34},
    issn = {0343-6993},
    mrclass = {51M15 (01A55 51M25)},
    mrnumber = {3507116},
    mrreviewer = {Victor V. Pambuccian},
    doi = {10.1007/s00283-016-9622-9},
    url = {http://www.math.psu.edu/tabachni/prints/Poncelet5.pdf},
    zblnumber = {1351.01013},
}

@ARTICLE{sergei2002,
title={Ellipsoids, Complete Integrability and Hyperbolic Geometry},
 author={Sergei Tabachnikov},
 url={http://ftp.math.psu.edu/tabachni/prints/integr.pdf},
 journal={Moscow Mathematical Journal},
 volume={2},
 number={1},
 year={2002},
 pages={185--198}
}

@incollection{sergei2016proj,
  author       = {Sergei Tabachnikov}, 
  title        = {Projective configuration theorems: old wine into new wineskins},
  booktitle    = {Geometry in History},
  publisher    = {Springer Verlag},
  year         = 2019,
  editor       = {S. Dani and A. Papadopoulos},
  pages      = {401--434},
  url      = {https://arxiv.org/pdf/1607.04758.pdf}
}

@UNPUBLISHED{corentin19,
    author = {Fierobe, Corentin},
    title = {On the circumcenters of triangular orbits in elliptic billiard},
    year = {2018},
    url = {https://arxiv.org/pdf/1807.11903.pdf},
    note={Submitted %to {l'Enseign. Math.}
    }
}

@UNPUBLISHED{ronaldo16,
    author = {Garcia, Ronaldo},
    title = {Centers of Inscribed Circles in Triangular Orbits of an Elliptic Billiard},
    year = {2016},
    url = {https://arxiv.org/pdf/1607.00179v1.pdf},
    note={arxiv}
}

@UNPUBLISHED{yiu2003,
    author = {Yiu, Paul},
    title = {A Tour of Triangle Geometry},
    year = {2003},
    publisher={Florida Atlantic University lecture notes},
    url = {http://math.fau.edu/Yiu/TourOfTriangleGeometry/MAAFlorida37040428.pdf}
}

@UNPUBLISHED{yiu2001,
 author={Yiu, Paul},
 title={Introduction to the Geometry of the Triangle},
 publisher={Florida Atlantic University lecture notes},
 url={http://math.fau.edu/Yiu/YIUIntroductionToTriangleGeometry121226.pdf},
 year={2001}
}

@ARTICLE{olga14,
    author = {Romaskevich, Olga},
    title = {On the incenters of triangular orbits on elliptic billiards},
    journal = {Enseign. Math.},
    fjournal = {L'Enseignement Math\'{e}matique},
    volume = {60},
    year = {2014},
    number = {3-4},
    pages = {247--255},
    issn = {0013-8584},
    mrclass = {37D50 (14H50)},
    mrnumber = {3342645},
    mrreviewer = {Mohammad Soufi},
    doi = {10.4171/LEM/60-3/4-2},
    url = {https://arxiv.org/pdf/1304.7588.pdf},
    url2 ={http://dx.doi.org/10.4171/LEM/60-3/4-2},
    zblnumber = {1371.37073},
}

@ARTICLE{alexey14,
    author = {Glutsyuk, Alexey},
    title = {On odd-periodic orbits in complex planar billiards},
    journal = {J. Dyn. Control Syst.},
    fjournal = {Journal of Dynamical and Control Systems},
    volume = {20},
    year = {2014},
    number = {3},
    pages = {293--306},
    issn = {1079-2724},
    mrclass = {37C25 (37F05)},
    mrnumber = {3224419},
    doi = {10.1007/s10883-014-9236-5},
    url = {https://doi.org/10.1007/s10883-014-9236-5},
    arxiv = {1309.1849},
    zblnumber = {1333.37009},
}

@ARTICLE{centina15,
    author = {del Centina, Andrea},
    title = {{P}oncelet's Porism: a long story of renewed discoveries I},
    year = {2016},
    journal = {Arch. Hist. Exact Sci.},
    fjournal = {Archive for History of Exact Sciences},
    volume = {70},
    number = {2},
    pages = {1--122},
    issn = {0003-9519},
    mrclass = {01A60 (51M04 51N35)},
    doi = {10.1007/s00407-015-0163-y},
    url = {https://doi.org/10.1007/s00407-015-0163-y},
    zblnumber = {1333.01015},
}

@ARTICLE{grozdev17,
    author={Sava Grozdev and Hiroshi Okumura and Deko Dekov},
    title={Computer Discovered Mathematics: Triangles homothetic with the Orthic     triangle},
    journal={Int. J. of Comp. Disc. Mathematics (IJCDM)},
    fjournal={International Journal of Computer Discovered Mathematics (IJCDM)},
    issn={2367-7775},
    volume={2},
    year={2017},
    pages={46--54},
    mrclass={51-04 (68T01 68T99)},
    url={http://www.journal-1.eu/2017/Grozdev-Okumura-Dekov-Orthic-triangles-pp.46-54.pdf}
}

@ARTICLE{snyder92-ellipse,
    author={John M. Snyder},
    title={Interval Analysis for Computer Graphics},
    journal={Computer Graphics},
    volume={26},
    number={2},
    year={1992},
    pages={121--129}
}

@ARTICLE{fitzgibbon99-ellipse,
author={Fitzgibbon, Andrew and Pilu, Maurizio and Fisher, Robert},
title={Direct Least Square Fitting of Ellipses},
journal={Pattern Analysis and Machine Intelligence},
volume={21},
number={5},
year={1999},
month={May}
}

@BOOK{moore2009-interval-analysis,
title={Introduction to Interval Analysis},
author={Ramon Moore and R. Baker Kearfott and Michael J. Cloud},
publisher={SIAM},
year={2009}
}

@ARTICLE{ronaldo19,
    author = {Garcia, Ronaldo},
    title = {Elliptic Billiards and Ellipses Associated to the 3-Periodic Orbits},
    journal = {American Mathematical Monthly},
    volume={126},
    number={06},
    pages={491--504},
    url={https://doi.org/10.1080/00029890.2019.1593087},
    year = {2019}
}

@ARTICLE{reznik19,
    author = {Reznik, Dan and Garcia, Ronaldo and Koiller, Jair},
    title = {Can the Elliptic Billiard Still Surprise Us?},
    journal = {Mathematical Intelligencer},
    doi={10.1007/s00283-019-09951-2},
    publisher={Springer US},
    url={https://arxiv.org/pdf/1911.01515.pdf},
    year = {2019}
}

@UNPUBLISHED{ronaldo2020-proofs,
    author = {Garcia, Ronaldo and Reznik, Dan and Koiller, Jair},
    title = {New Properties of Triangular Orbits in Elliptic Billiards},
    note={arXiv},
    url={https://arxiv.org/abs/2001.08054},
    month={01},
    year = {2020}
}

@UNPUBLISHED{reznik2020-loci,
    author = {Reznik, Dan and Garcia, Ronaldo and Koiller, Jair},
    title = {Intriguing Loci of Triangular Orbits in Elliptic Billiards},
    note = {In preparation},
    year = {2020}
}

@UNPUBLISHED{ronaldo2020-loci,
    author = {Garcia, Ronaldo and Reznik, Dan and Koiller, Jair},
    title = {Loci of 3-periodics in an Elliptic Billiard: Why so many ellipses?},
    note = {In preparation},
    year = {2020}
}

@UNPUBLISHED{akopyan2020-invariants,
author={Arseniy Akopyan and Richard Schwartz and Sergei Tabachnikov},
title={Billiards in Ellipses Revisited},
month={January},
year={2020},
note={ar{X}iv},
url={https://arxiv.org/abs/2001.02934}
}

@UNPUBLISHED{bialy2020-invariants,
author={Misha Bialy and Sergei Tabachnikov},
title={{Dan Reznik's} Identities and More},
month={January},
year={2020},
note={ar{X}iv},
url={https://arxiv.org/abs/2001.08469}
}

@MISC{dominique19,
  author       = {Dominique Laurain},
  howpublished = {Private Communication},
  month        = {August},
  year         = {2019},
  address      = {France},
  title      = {Formula for the Radius of the Orbits' Excentral Cosine Circle}
}

@MISC{helman19,
  author       = {Mark Helman},
  howpublished = {Private Communication},
  day          = {4},
  month        = {August},
  year         = {2019},
  address      = {Houston, TX},
  title      = {The Loci of ${X}_i,i=7,40,57,63,142,144$ are elliptic},
  institution  = {Rice University}
}

@MISC{helman20,
  author       = {Mark Helman},
  howpublished = {Private Communication},
  day          = {2},
  month        = {January},
  year         = {2020},
  address      = {Houston, TX},
  title      = {Proofs related to locus of ${X}_{88}$},
  institution  = {Rice University}
}

@MISC{minevich19,
  author       = {Igor Minevich},
  howpublished = {Private Communication},
  day          = {3},
  month        = {July},
  year         = {2019},
  address      = {Boston, MA},
  title      = {The Intouchpoints of the Orbit's Anticomplementary Triangle Sweep the Billiard},
  institution  = {Boston College}
}

@MISC{olga19_mitten,
  author       = {Olga Romaskevich},
  howpublished = {Private Communication},
  day          = {15},
  month        = {May},
  year         = {2019},
  address      = {Rennes, France},
  institution = {IRMAR, Université de Rennes},
  title      = {Proof the Mittenpunkt is Stationary}
}

@MISC{sergei19_private_meromorphic,
  author       = {Sergei Tabachnikov and Richard Schwartz},
  howpublished = {Private Communication},
  month        = {July},
  year         = {2019},
  title        = {Proof of Constant Cosine Sum ${N}>3$.}
}

@MISC{akopyan19_private_meromorphic,
  author       = {Arseniy Akopyan},
  howpublished = {Private Communication},
  month        = {August},
  year         = {2019},
  title        = {Proofs of Constant Cosine Product, and Area Ratio for ${N}>3$.}
}

@MISC{sergei19_private_circles,
  author       = {Sergei Tabachnikov},
  howpublished = {Private Communication},
     month     = {July},
  year         = {2019},
  title        = {Proofs of Stationary Circle Radius for ${N}>3$.}
}

@MISC{sergei19_private_cosine_sum_expression,
  author       = {Sergei Tabachnikov},
  howpublished = {Private Communication},
  month        = {October},
  year         = {2019},
  title        = {Proof of Expression for Constant Cosine Sum for any $N$.}
}

### ONLINE

@MISC{himmelstrand12,
  title={A Survey of Dynamical Billiards},
  author={Markus Himmelstrand and Victor Wilén and Maria Saprykina},
  publisher={Department of Mathematics, Royal Institute of Technology (KTH)},
  url={https://bit.ly/2kfYHkC},
  year={2012}
}

@MISC{richardson10,
    author = {Richardson, Bill},
    title = {I was just looking for an example},
    year = {2010},
    url = {http://www.math.wichita.edu/~richardson/Orthic-story/orthic-triangle-complete.html},
    institution = {Wichita State University},
}

@MISC{etc,
    author = {Kimberling, Clark},
    title = {Encyclopedia of Triangle Centers},
    year = {2019},
    url = {https://faculty.evansville.edu/ck6/encyclopedia/ETC.html}
}

@MISC{wp_geodesics,
   title={Geodesics on an ellipsoid},
   author={Wikipedia},
   year={2019},
   url={https://en.wikipedia.org/wiki/Geodesics_on_an_ellipsoid#Geodesics_on_a_triaxial_ellipsoid}
}

@MISC{mw,
    author = {Weisstein, Eric},
    title = {Mathworld},
    journal = {MathWorld--A Wolfram Web Resource},
    url = {http://mathworld.wolfram.com},
    year = {2019}
}

@MISC{mw_orthic,
    author = {Weisstein, E.},
    title = {Orthic Triangle},
    journal = {MathWorld--A Wolfram Web Resource},
    url = {http://mathworld.wolfram.com/OrthicTriangle.html},
    year = {2019}
}

@MISC{impa2019,
   author = {Dan Reznik and Ronaldo Garcia and Jair Koiller},
   title = {Adventures with Triangles and Billiards},
   url={https://impa.br/en_US/eventos-do-impa/eventos-2019/ 32o-coloquio-brasileiro-de-matematica},
   address={Rio de Janeiro},
   institution = {Instituto Nacional de    Matemática Pura e Aplicada (IMPA)},
   day={31},
   month={7},
   year={2019},
}

@MISC{impa2019_video,
   author = {Dan Reznik and Ronaldo Garcia and Jair Koiller},
   title = {Adventures with Triangles and Billiards},
   url={https://youtu.be/t872mftaI2g},
   publisher={YouTube},
   day={15},
   month={8},
   year={2019},
}

@MISC{reznik_web,
   author = {Dan Reznik and Ronaldo Garcia and Jair Koiller},
   title={New Properties of Triangular Orbits in Elliptic Billiards},
   url={https://dan-reznik.github.io/Elliptical-Billiards-Triangular-Orbits/},
   year={2019}
}

@MISC{reznik_media,
   author = {Dan Reznik and Ronaldo Garcia and Jair Koiller},
   title={Media for Elliptic Billards and Family of Orbits},
   url={https://dan-reznik.github.io/Elliptical-Billiards-Triangular-Orbits/videos.html},
   year={2019}
}

@MISC{reznik_loci,
   author = {Dan Reznik},
   title={Triangular Orbits in Elliptic Billards: Loci of Points {X}(1)~{X}(100)},
   url={https://dan-reznik.github.io/Elliptical-Billiards-Triangular-Orbits/loci_6tri.html},
   year={2019}
}

@misc{mathematica_v10,
  author = {Stephen Wolfram},
  title = {Mathematica, Version 10.0},
  Address = {Champaign, IL},
  year={2019},
}

@MISC{dsr_vid11incenter,
  author={Dan Reznik},
  title={Triangular Orbits in Elliptic Billiards: Locus of the Incenter is an Ellipse},
  year={2011},
  url={https://youtu.be/9xU6T7hQMzs},
  publisher={YouTube}
}

@MISC{dsr_vid11e,
  author={Dan Reznik},
  title={Locus of the incircle touchpoints is a higher-order curve},
  year={2011},
  url={https://youtu.be/9xU6T7hQMzs},
  publisher={YouTube}
}

@MISC{dsr_applet11a,
  author={Dan Reznik},
  title={"Dynamic Billiards in Ellipse"},
  url={http://demonstrations.wolfram.com/DynamicBilliardsInEllipse/},
  publisher={Wolfram Demonstrations Project},
  year={2011}
}

@MISC{dsr_math_intell_playlist,
author={Dan Reznik},
  title={{YouTube} Playlist for Mathematical Intelligencer},
  year={2019},
  publisher={YouTube},
  url={https://bit.ly/2kTvPPr}
}

@MISC{dsr_main_videos_2019,
  author={Dan Reznik},
  title={New Properties of Polygonal Orbits in Elliptic Billiards: Main Videos},
  year={2019},
  url={https://bit.ly/2k5GXbB},
  publisher={YouTube}
}

@MISC{dsr_playlist_2020,
  author={Dan Reznik},
  title={Playlist for {``Loci of Triangular Orbits in an Elliptic Billiard: Elliptic? Algebraic?''}},
  year={2020},
  url={https://bit.ly/2REOigc},
  publisher={YouTube}
}

@MISC{dsr_locus_gallery_2019,
  author={Dan Reznik},
  title={Triangular Orbits in Elliptic Billards: Loci of Points {X(1)~X(100)}},
  year={2019},
  url={https://dan-reznik.github.io/Elliptical-Billiards-Triangular-Orbits/loci_6tri.html},
  publisher={GitHub}
}

@MISC{dsr_applet_x12345,
author={Dan Reznik},
  title={Applet Showing the Locus of Several Triangular Centers},
  year={2019},
  publisher={P5.js},
  url={https://editor.p5js.org/dreznik/full/i1Lin7lt7}
}

@BOOK{rozikov2018,
author={Utkir A Rozikov},
title={An Introduction To Mathematical Billiards},
year={2018},
isbn={978-9813276468},
publisher={World Scientific Publishing Company}
}

%%%%%%  JAIR ADDITIONS




@inproceedings{Abanades2014b,
	Abstract = {We describe here a properly recent application of the Gr{\"o}bner Cover algorithm (GC) providing an algebraic support to Dynamic Geometry computations of geometrical loci. It provides a complete algebraic solution of locus computation as well as a suitable taxonomy allowing to distinguish the nature of the different components. We included a new algorithm Locus into the Singular grobcov.lib library for this purpose. A web prototype has been implemented using it in Geogebra.},
	Address = {Berlin, Heidelberg},
	Author = {Ab{\'a}nades, Miguel A. and Botana, Francisco and Montes, Antonio and Recio, Tom{\'a}s},
	Booktitle = {Mathematical Software --ICMS 2014},
	Da = {2014//},
	Date-Added = {2020-02-03 23:34:24 +0000},
	Date-Modified = {2020-02-03 23:34:42 +0000},
	Editor = {Hong, Hoon and Yap, Chee},
	Id = {10.1007/978-3-662-44199-2{\_}74},
	Isbn = {978-3-662-44199-2},
	Pages = {492--499},
	Publisher = {Springer Berlin Heidelberg},
	Title = {Software Using the Gr{\"o}bner Cover for Geometrical Loci Computation and Classification},
	Ty = {CONF},
	Year = {2014}}

@article{ABANADES2014,
	Abstract = {The automatic determination of geometric loci is an important issue in Dynamic Geometry. In Dynamic Geometry systems, it is often the case that locus determination is purely graphical, producing an output that is not robust enough and not reusable by the given software. Parts of the true locus may be missing, and extraneous objects can be appended to it as side products of the locus determination process. In this paper, we propose a new method for the computation, in dynamic geometry, of a locus defined by algebraic conditions. It provides an analytic, exact description of the sought locus, making possible a subsequent precise manipulation of this object by the system. Moreover, a complete taxonomy, cataloging the potentially different kinds of geometric objects arising from the locus computation procedure, is introduced, allowing to easily discriminate these objects as either extraneous or as pertaining to the sought locus. Our technique takes profit of the recently developed Gr{\"o}bnerCover algorithm. The taxonomy introduced can be generalized to higher dimensions, but we focus on 2-dimensional loci for classical reasons. The proposed method is illustrated through a web-based application prototype, showing that it has reached enough maturity as to be considered a practical option to be included in the next generation of dynamic geometry environments.},
	Author = {Miguel {\'A}. Ab{\'a}nades and Francisco Botana and Antonio Montes and Tom{\'a}s Recio},
	Date-Added = {2020-02-03 23:18:21 +0000},
	Date-Modified = {2020-02-03 23:20:23 +0000},
	Doi = {https://doi.org/10.1016/j.cad.2014.06.008},
	Issn = {0010-4485},
	Journal = {Computer-Aided Design},
	Keywords = {Dynamic geometry, Locus computation, Parametric polynomial systems, Gr{\"o}bnerCover algorithm},
	Pages = {22 - 33},
	Title = {An algebraic taxonomy for locus computation in dynamic geometry},
	Url = {http://www.sciencedirect.com/science/article/pii/S0010448514001262},
	Volume = {56},
	Year = {2014},
	Bdsk-Url-1 = {http://www.sciencedirect.com/science/article/pii/S0010448514001262},
	Bdsk-Url-2 = {https://doi.org/10.1016/j.cad.2014.06.008}}

@article{Calabi1996,
	Author = {Eugenio Calabi AND Peter J. Olver AND Allen Tannenbaum},
	Date-Added = {2020-02-03 22:16:21 +0000},
	Date-Modified = {2020-02-03 22:18:41 +0000},
	Journal = {Advances in Mathematics},
	Pages = {154-196},
	Title = {Affine Geometry, Curve Flows, and Invariant Numerical Approximations},
	Volume = {124},
	Year = {1996}}

@article{Ochkov2019,
	Author = {Ochkov, Valery and Nori, Massimiliano and Borovinskaya, Ekaterina and Reschetilowski, Wladimir},
	Doi = {10.3390/sym11020184},
	Issn = {2073-8994},
	Journal = {Symmetry},
	Month = {Feb},
	Number = {2},
	Pages = {184},
	Publisher = {MDPI AG},
	Title = {A New Ellipse or Math Porcelain Service},
	Url = {http://dx.doi.org/10.3390/sym11020184},
	Volume = {11},
	Year = {2019},
	Bdsk-Url-1 = {http://dx.doi.org/10.3390/sym11020184}}

@article{Xing2018,
	Abstract = {The current study examined whether the `slow and smooth'hypothesis (Hildreth, 1984; Yuille \& Grzywacz, 1989; Weiss, Simoncelli, \& Adelson, 2002) could be extended to explaining a three-dimensional (3D) stereokinetic percept by specifying the smoothness term as a preference for minimal deformation. Stereokinetic stimuli are two-dimensional (2D) configurations that lead to 3D percepts when rotated in the image plane. In particular, a rotating ellipse with an eccentric dot gives rise to the percept of a cone with a defined height. In the current study, the spatial relationship between the ellipse and dot varied across trials in terms of the dot's relative location and the aspect ratio of the ellipse. During each trial, participants (n = 8) adjusted the length of a 2D bar centered along the minor axis of the ellipse to indicate their perceived height of the cone. Upon rotation, the 2D bar was perceived to be perpendicular to the circular base of the cone. Our results were qualitatively and quantitatively consistent with the traditional hypothesis of minimum object change (Jansson \& Johansson, 1973), which is also similar to the maximal rigidity assumption (Ullman, 1979). As the dot shifted from the major axis towards the minor axis of the ellipse, observers consistently reported an increasingly taller cone. The results illustrate the tendency of observers to perceive the apex of the cone at a height that minimized its 3D distance to the surface normal at the center of the circular base of the cone to reduce the relative motion between the dot and the base of the cone. The current study provides empirical evidence suggesting that, when presented with an ambiguous stereokinetic stimulus, the visual system prefers the interpretation that corresponds to a 3D percept that is slowest and maximally rigid.},
	Author = {Xing, Yang and Liu, Zili},
	Da = {2018/12/01/},
	Date-Added = {2020-02-03 18:32:40 +0000},
	Date-Modified = {2020-02-03 18:33:09 +0000},
	Doi = {https://doi.org/10.1016/j.visres.2018.09.003},
	Isbn = {0042-6989},
	Journal = {Vision Research},
	Keywords = {Structure-from-motion; Stereokinetic; Maximal rigidity; Minimal deformation; Slow and smooth; Motion integration},
	Pages = {53--59},
	Title = {A preference for minimal deformation constrains the perceived depth of a stereokinetic stimulus},
	Ty = {JOUR},
	Url = {http://www.sciencedirect.com/science/article/pii/S0042698918302013},
	Volume = {153},
	Year = {2018},
	Bdsk-Url-1 = {http://www.sciencedirect.com/science/article/pii/S0042698918302013},
	Bdsk-Url-2 = {https://doi.org/10.1016/j.visres.2018.09.003}}

@book{Mazzotti2017,
	Author = {Angelo Alessandro Mazzotti},
	Date-Added = {2020-02-03 18:21:40 +0000},
	Date-Modified = {2020-02-03 18:24:07 +0000},
	Keywords = {https://link.springer.com/book/10.1007/978-3-319-39375-9},
	Publisher = {Springer-Verlag, Cham},
	Title = {All Sides to an Oval: Properties, Parameters, and Borromini's Mysterious Construction},
	Year = {2017}}

@article{Duvernoy2015,
	Abstract = {Italian religious architecture of the late Cinquecento is marked by an innovative interpretation of the canon of the central plan that generates a new type of Baroque church: the elongated central space. By building oval churches covered with oval domes, Jacopo Barozzi da Vignola (1507--1573) introduced a new pattern into the architectural shape grammar. The geometry of the oval figure gracefully combines the theoretical concept of cosmic centrality and the pragmatic necessities of liturgical linearity. However it raises a number of design problems for which architects devised various and inventive solutions. The comparison of various churches dating back to no later than the end of the Seicento, highlights the diversity of all the projects. Although every church is unique in its layout, design, features and decoration, all oval churches propose similar challenges to their designer, the most important of which are the choice of the geometrical pattern, the dome, and the fa{\c{c}}ade.},
	Author = {Duvernoy, Sylvie},
	Date-Added = {2020-02-03 18:17:08 +0000},
	Date-Modified = {2020-02-03 18:17:08 +0000},
	Day = {01},
	Doi = {10.1007/s00004-015-0252-x},
	Issn = {1522-4600},
	Journal = {Nexus Network Journal},
	Month = {Jul},
	Number = {2},
	Pages = {425--456},
	Title = {Baroque Oval Churches: Innovative Geometrical Patterns in Early Modern Sacred Architecture},
	Url = {https://doi.org/10.1007/s00004-015-0252-x},
	Volume = {17},
	Year = {2015},
	Bdsk-Url-1 = {https://doi.org/10.1007/s00004-015-0252-x},
	Bdsk-Url-2 = {http://dx.doi.org/10.1007/s00004-015-0252-x}}

@article{1999Voloch,
	Author = {Fernando Rodriguez Villegas and Jos\'e Felipe Voloch},
	Date-Added = {2020-02-03 16:14:00 +0000},
	Date-Modified = {2020-02-03 16:14:00 +0000},
	Doi = {10.1080/10586458.1999.10504388},
	Eprint = {https://doi.org/10.1080/10586458.1999.10504388},
	Journal = {Experimental Mathematics},
	Number = {1},
	Pages = {57-62},
	Publisher = {Taylor & Francis},
	Title = {On Certain Plane Curves with Many Integral Points},
	Url = {https://doi.org/10.1080/10586458.1999.10504388},
	Volume = {8},
	Year = {1999},
	Bdsk-Url-1 = {https://doi.org/10.1080/10586458.1999.10504388},
	Bdsk-Url-2 = {http://dx.doi.org/10.1080/10586458.1999.10504388}}

@article{2001Coutinho,
	Author = {S. C. Coutinho and Bruno F. M. Ribeiro},
	Date-Added = {2020-02-03 16:14:00 +0000},
	Date-Modified = {2020-02-03 16:14:00 +0000},
	Doi = {10.1080/10586458.2001.10504672},
	Eprint = {https://doi.org/10.1080/10586458.2001.10504672},
	Journal = {Experimental Mathematics},
	Number = {4},
	Pages = {529-536},
	Publisher = {Taylor & Francis},
	Title = {On Holomorphic Foliations Without Algebraic Solutions},
	Url = {https://doi.org/10.1080/10586458.2001.10504672},
	Volume = {10},
	Year = {2001},
	Bdsk-Url-1 = {https://doi.org/10.1080/10586458.2001.10504672},
	Bdsk-Url-2 = {http://dx.doi.org/10.1080/10586458.2001.10504672}}

@article{2001Kwok,
	Author = {Thomas Kwok-keung Au and Xiao-Song Lin},
	Date-Added = {2020-02-03 16:14:00 +0000},
	Date-Modified = {2020-02-03 16:14:00 +0000},
	Doi = {10.1080/10586458.2001.10504449},
	Eprint = {https://doi.org/10.1080/10586458.2001.10504449},
	Journal = {Experimental Mathematics},
	Number = {2},
	Pages = {287-301},
	Publisher = {Taylor & Francis},
	Title = {Off-Center Reflections: Caustics and Chaos},
	Url = {https://doi.org/10.1080/10586458.2001.10504449},
	Volume = {10},
	Year = {2001},
	Bdsk-Url-1 = {https://doi.org/10.1080/10586458.2001.10504449},
	Bdsk-Url-2 = {http://dx.doi.org/10.1080/10586458.2001.10504449}}

@article{2004Schaeffer,
	Author = {Gilles Schaeffer and Paul Zinn-Justin},
	Date-Added = {2020-02-03 16:14:00 +0000},
	Date-Modified = {2020-02-03 16:14:00 +0000},
	Doi = {10.1080/10586458.2004.10504557},
	Eprint = {https://doi.org/10.1080/10586458.2004.10504557},
	Journal = {Experimental Mathematics},
	Number = {4},
	Pages = {483-493},
	Publisher = {Taylor & Francis},
	Title = {On the Asymptotic Number of Plane Curves and Alternating Knots},
	Url = {https://doi.org/10.1080/10586458.2004.10504557},
	Volume = {13},
	Year = {2004},
	Bdsk-Url-1 = {https://doi.org/10.1080/10586458.2004.10504557},
	Bdsk-Url-2 = {http://dx.doi.org/10.1080/10586458.2004.10504557}}

@article{2005OliffsonKamphorst,
	Author = {Sylvie Oliffson Kamphorst and S\^onia Pinto-de-Carvalho},
	Date-Added = {2020-02-03 16:14:00 +0000},
	Date-Modified = {2020-02-03 16:14:00 +0000},
	Doi = {10.1080/10586458.2005.10128923},
	Eprint = {https://doi.org/10.1080/10586458.2005.10128923},
	Journal = {Experimental Mathematics},
	Number = {3},
	Pages = {299-306},
	Publisher = {Taylor & Francis},
	Title = {The First Birkhoff Coefficient and the Stability of 2-Periodic Orbits on Billiards},
	Url = {https://doi.org/10.1080/10586458.2005.10128923},
	Volume = {14},
	Year = {2005},
	Bdsk-Url-1 = {https://doi.org/10.1080/10586458.2005.10128923},
	Bdsk-Url-2 = {http://dx.doi.org/10.1080/10586458.2005.10128923}}

@article{2006Schwartz,
	Author = {Richard Evan Schwartz},
	Date-Added = {2020-02-03 16:14:00 +0000},
	Date-Modified = {2020-02-03 16:14:00 +0000},
	Doi = {10.1080/10586458.2006.10128961},
	Eprint = {https://doi.org/10.1080/10586458.2006.10128961},
	Journal = {Experimental Mathematics},
	Number = {2},
	Pages = {161-182},
	Publisher = {Taylor & Francis},
	Title = {Obtuse Triangular Billiards I: Near the (2, 3, 6) Triangle},
	Url = {https://doi.org/10.1080/10586458.2006.10128961},
	Volume = {15},
	Year = {2006},
	Bdsk-Url-1 = {https://doi.org/10.1080/10586458.2006.10128961},
	Bdsk-Url-2 = {http://dx.doi.org/10.1080/10586458.2006.10128961}}

@article{2007Piontkowski,
	Author = {Jens Piontkowski},
	Date-Added = {2020-02-03 16:14:00 +0000},
	Date-Modified = {2020-02-03 16:14:00 +0000},
	Doi = {10.1080/10586458.2007.10128996},
	Eprint = {https://www.tandfonline.com/doi/pdf/10.1080/10586458.2007.10128996},
	Journal = {Experimental Mathematics},
	Number = {2},
	Pages = {251-255},
	Publisher = {Taylor & Francis},
	Title = {On the Number of Cusps of Rational Cuspidal Plane Curves},
	Url = {https://www.tandfonline.com/doi/abs/10.1080/10586458.2007.10128996},
	Volume = {16},
	Year = {2007},
	Bdsk-Url-1 = {https://www.tandfonline.com/doi/abs/10.1080/10586458.2007.10128996},
	Bdsk-Url-2 = {http://dx.doi.org/10.1080/10586458.2007.10128996}}

@article{2009Schwartz,
	Author = {Richard Evan Schwartz},
	Date-Added = {2020-02-03 16:14:00 +0000},
	Date-Modified = {2020-02-03 16:14:00 +0000},
	Doi = {10.1080/10586458.2009.10128891},
	Eprint = {https://doi.org/10.1080/10586458.2009.10128891},
	Journal = {Experimental Mathematics},
	Number = {2},
	Pages = {137-171},
	Publisher = {Taylor & Francis},
	Title = {Obtuse Triangular Billiards II: One Hundred Degrees Worth of Periodic Trajectories},
	Url = {https://doi.org/10.1080/10586458.2009.10128891},
	Volume = {18},
	Year = {2009},
	Bdsk-Url-1 = {https://doi.org/10.1080/10586458.2009.10128891},
	Bdsk-Url-2 = {http://dx.doi.org/10.1080/10586458.2009.10128891}}

@article{2013Bates,
	Author = {Daniel J. Bates and Jonathan D. Hauenstein and Timothy M. McCoy and Chris Peterson and Andrew J. Sommese},
	Date-Added = {2020-02-03 16:14:00 +0000},
	Date-Modified = {2020-02-03 16:14:00 +0000},
	Doi = {10.1080/10586458.2013.737640},
	Eprint = {https://doi.org/10.1080/10586458.2013.737640},
	Journal = {Experimental Mathematics},
	Number = {1},
	Pages = {38-50},
	Publisher = {Taylor & Francis},
	Title = {Recovering Exact Results from Inexact Numerical Data in Algebraic Geometry},
	Url = {https://doi.org/10.1080/10586458.2013.737640},
	Volume = {22},
	Year = {2013},
	Bdsk-Url-1 = {https://doi.org/10.1080/10586458.2013.737640},
	Bdsk-Url-2 = {http://dx.doi.org/10.1080/10586458.2013.737640}}

@article{2015Jeong,
	Author = {In-Jee Jeong},
	Date-Added = {2020-02-03 16:14:00 +0000},
	Date-Modified = {2020-02-03 16:14:00 +0000},
	Doi = {10.1080/10586458.2014.952801},
	Eprint = {https://doi.org/10.1080/10586458.2014.952801},
	Journal = {Experimental Mathematics},
	Number = {1},
	Pages = {53-64},
	Publisher = {Taylor & Francis},
	Title = {Outer Billiards with Contraction: Attracting Cantor Sets},
	Url = {https://doi.org/10.1080/10586458.2014.952801},
	Volume = {24},
	Year = {2015},
	Bdsk-Url-1 = {https://doi.org/10.1080/10586458.2014.952801},
	Bdsk-Url-2 = {http://dx.doi.org/10.1080/10586458.2014.952801}}

@article{2016Bressaud,
	Author = {Xavier Bressaud and Marie-Claire Fournier},
	Date-Added = {2020-02-03 16:14:00 +0000},
	Date-Modified = {2020-02-03 16:14:00 +0000},
	Doi = {10.1080/10586458.2015.1029600},
	Eprint = {https://doi.org/10.1080/10586458.2015.1029600},
	Journal = {Experimental Mathematics},
	Number = {4},
	Pages = {357-378},
	Publisher = {Taylor & Francis},
	Title = {Casse-Briques},
	Url = {https://doi.org/10.1080/10586458.2015.1029600},
	Volume = {25},
	Year = {2016},
	Bdsk-Url-1 = {https://doi.org/10.1080/10586458.2015.1029600},
	Bdsk-Url-2 = {http://dx.doi.org/10.1080/10586458.2015.1029600}}

@article{2016Martinetal,
	Author = {P. Mart\'in AND R. Ram\'irez-Ros AND A. Tamarit-Sariol},
	Date-Added = {2020-02-03 16:14:00 +0000},
	Date-Modified = {2020-02-03 16:14:00 +0000},
	Doi = {10.1080/10586458.2015.1076361},
	Eprint = {https://doi.org/10.1080/10586458.2015.1076361},
	Journal = {Experimental Mathematics},
	Number = {4},
	Pages = {416-440},
	Publisher = {Taylor & Francis},
	Title = {Exponentially Small Asymptotic Formulas for the Length Spectrum in Some Billiard Tables},
	Url = {https://doi.org/10.1080/10586458.2015.1076361},
	Volume = {25},
	Year = {2016},
	Bdsk-Url-1 = {https://doi.org/10.1080/10586458.2015.1076361},
	Bdsk-Url-2 = {http://dx.doi.org/10.1080/10586458.2015.1076361}}

@article{2016Newkirk,
	Author = {Edward Newkirk},
	Date-Added = {2020-02-03 16:14:00 +0000},
	Date-Modified = {2020-02-03 16:14:00 +0000},
	Doi = {10.1080/10586458.2015.1050130},
	Eprint = {https://doi.org/10.1080/10586458.2015.1050130},
	Journal = {Experimental Mathematics},
	Number = {2},
	Pages = {194-212},
	Publisher = {Taylor & Francis},
	Title = {Billiards with Bombs},
	Url = {https://doi.org/10.1080/10586458.2015.1050130},
	Volume = {25},
	Year = {2016},
	Bdsk-Url-1 = {https://doi.org/10.1080/10586458.2015.1050130},
	Bdsk-Url-2 = {http://dx.doi.org/10.1080/10586458.2015.1050130}}

@article{2019Bialyetal,
	Author = {Misha Bialy and Andrey E. Mironov and Lior Shalom},
	Date-Added = {2020-02-03 16:14:00 +0000},
	Date-Modified = {2020-02-03 16:14:00 +0000},
	Doi = {10.1080/10586458.2018.1563514},
	Eprint = {https://doi.org/10.1080/10586458.2018.1563514},
	Journal = {Experimental Mathematics},
	Number = {0},
	Pages = {1-6},
	Publisher = {Taylor & Francis},
	Title = {Outer Billiards with the Dynamics of a Standard Shift on a Finite Number of Invariant Curves},
	Url = {https://doi.org/10.1080/10586458.2018.1563514},
	Volume = {0},
	Year = {2019},
	Bdsk-Url-1 = {https://doi.org/10.1080/10586458.2018.1563514},
	Bdsk-Url-2 = {http://dx.doi.org/10.1080/10586458.2018.1563514}}

@article{2019Chapman,
	Author = {Harrison Chapman and Andrew Rechnitzer},
	Date-Added = {2020-02-03 16:14:00 +0000},
	Date-Modified = {2020-02-03 16:14:00 +0000},
	Doi = {10.1080/10586458.2019.1660739},
	Eprint = {https://doi.org/10.1080/10586458.2019.1660739},
	Journal = {Experimental Mathematics},
	Number = {0},
	Pages = {1-31},
	Publisher = {Taylor & Francis},
	Title = {A Markov Chain Sampler for Plane Curves},
	Url = {https://doi.org/10.1080/10586458.2019.1660739},
	Volume = {0},
	Year = {2019},
	Bdsk-Url-1 = {https://doi.org/10.1080/10586458.2019.1660739},
	Bdsk-Url-2 = {http://dx.doi.org/10.1080/10586458.2019.1660739}}

@article{2019Kaihnsaetal,
	Author = {Nidhi Kaihnsa and Mario Kummer and Daniel Plaumann and Mahsa Sayyary Namin and Bernd Sturmfels},
	Date-Added = {2020-02-03 16:14:00 +0000},
	Date-Modified = {2020-02-03 16:14:00 +0000},
	Doi = {10.1080/10586458.2017.1360808},
	Eprint = {https://doi.org/10.1080/10586458.2017.1360808},
	Journal = {Experimental Mathematics},
	Number = {2},
	Pages = {132-150},
	Publisher = {Taylor & Francis},
	Title = {Sixty-Four Curves of Degree Six},
	Url = {https://doi.org/10.1080/10586458.2017.1360808},
	Volume = {28},
	Year = {2019},
	Bdsk-Url-1 = {https://doi.org/10.1080/10586458.2017.1360808},
	Bdsk-Url-2 = {http://dx.doi.org/10.1080/10586458.2017.1360808}}

@article{2019Mellit,
	Author = {Anton Mellit},
	Date-Added = {2020-02-03 16:14:00 +0000},
	Date-Modified = {2020-02-03 16:14:00 +0000},
	Doi = {10.1080/10586458.2019.1691088},
	Eprint = {https://doi.org/10.1080/10586458.2019.1691088},
	Journal = {Experimental Mathematics},
	Number = {0},
	Pages = {1-10},
	Publisher = {Taylor & Francis},
	Title = {Rationality Proofs by Curve Counting},
	Url = {https://doi.org/10.1080/10586458.2019.1691088},
	Volume = {0},
	Year = {2019},
	Bdsk-Url-1 = {https://doi.org/10.1080/10586458.2019.1691088},
	Bdsk-Url-2 = {http://dx.doi.org/10.1080/10586458.2019.1691088}}

@article{2019Olga,
	Author = {Pascal Hubert and Olga Paris-Romaskevich},
	Date-Added = {2020-02-03 16:14:00 +0000},
	Date-Modified = {2020-02-03 16:14:00 +0000},
	Doi = {10.1080/10586458.2019.1583615},
	Eprint = {https://doi.org/10.1080/10586458.2019.1583615},
	Journal = {Experimental Mathematics},
	Number = {0},
	Pages = {1-30},
	Publisher = {Taylor & Francis},
	Title = {Triangle Tiling Billiards and the Exceptional Family of their Escaping Trajectories: Circumcenters and Rauzy Gasket},
	Url = {https://doi.org/10.1080/10586458.2019.1583615},
	Volume = {0},
	Year = {2019},
	Bdsk-Url-1 = {https://doi.org/10.1080/10586458.2019.1583615},
	Bdsk-Url-2 = {http://dx.doi.org/10.1080/10586458.2019.1583615}}

@article{doi:10.1080/10586458.2009.10129059,
	Author = {Christian B\"ohning and Hans-Christian Graf von Bothmer and Jakob Kr\"oker},
	Date-Added = {2020-02-03 16:14:00 +0000},
	Date-Modified = {2020-02-03 16:14:00 +0000},
	Doi = {10.1080/10586458.2009.10129059},
	Eprint = {https://doi.org/10.1080/10586458.2009.10129059},
	Journal = {Experimental Mathematics},
	Number = {4},
	Pages = {499-508},
	Publisher = {Taylor & Francis},
	Title = {Rationality of Moduli Spaces of Plane Curves of Small Degree},
	Url = {https://doi.org/10.1080/10586458.2009.10129059},
	Volume = {18},
	Year = {2009},
	Bdsk-Url-1 = {https://doi.org/10.1080/10586458.2009.10129059},
	Bdsk-Url-2 = {http://dx.doi.org/10.1080/10586458.2009.10129059}}

@article{Weaver1933,
	Author = {Weaver, J. H.},
	C1 = {Full publication date: Feb., 1933},
	Date-Added = {2020-01-30 12:14:13 +0000},
	Date-Modified = {2020-01-30 13:23:06 +0000},
	Db = {JSTOR},
	Doi = {10.2307/2300940},
	Isbn = {00029890, 19300972},
	Journal = {The American Mathematical Monthly},
	Number = {2},
	Pages = {85--91},
	Publisher = {Mathematical Association of America},
	Title = {Curves Determined by a One-Parameter Family of Triangles},
	Ty = {JOUR},
	Url = {www.jstor.org/stable/2300940},
	Volume = {40},
	Year = {1933},
	Bdsk-Url-1 = {www.jstor.org/stable/2300940},
	Bdsk-Url-2 = {http://dx.doi.org/10.2307/2300940}}

@article{Murnaghan1925,
	Author = {Murnaghan, F. D.},
	C1 = {Full publication date: Jan., 1925},
	Date-Added = {2020-01-30 12:10:35 +0000},
	Date-Modified = {2020-01-30 13:22:13 +0000},
	Db = {JSTOR},
	Doi = {10.2307/2300090},
	Isbn = {00029890, 19300972},
	Journal = {The American Mathematical Monthly},
	Number = {1},
	Pages = {37--41},
	Publisher = {Mathematical Association of America},
	Title = {Discussions: Note on Mr. Weaver's Paper "A System of Triangles Related to a Poristic System" (1924, 337-340)},
	Ty = {JOUR},
	Url = {www.jstor.org/stable/2300090},
	Volume = {32},
	Year = {1925},
	Bdsk-Url-1 = {www.jstor.org/stable/2300090},
	Bdsk-Url-2 = {http://dx.doi.org/10.2307/2300090}}

@article{Weaver1924,
	Author = {Weaver, J. H.},
	C1 = {Full publication date: Sep., 1924},
	Date-Added = {2020-01-30 12:03:24 +0000},
	Date-Modified = {2020-01-30 13:22:43 +0000},
	Db = {JSTOR},
	Doi = {10.2307/2299387},
	Isbn = {00029890, 19300972},
	Journal = {The American Mathematical Monthly},
	Number = {7},
	Pages = {337--340},
	Publisher = {Mathematical Association of America},
	Title = {A System of Triangles Related to a Poristic System},
	Ty = {JOUR},
	Url = {www.jstor.org/stable/2299387},
	Volume = {31},
	Year = {1924},
	Bdsk-Url-1 = {www.jstor.org/stable/2299387},
	Bdsk-Url-2 = {http://dx.doi.org/10.2307/2299387}}

@article{Odenhal2011,
	Author = {Boris Odehnal},
	Date-Added = {2020-01-30 11:55:53 +0000},
	Date-Modified = {2020-01-30 11:57:17 +0000},
	Journal = {Journal for Geometry and Graphics},
	Number = {1},
	Pages = {45--67},
	Title = {Poristic Loci of Triangle Centers},
	Volume = {15},
	Year = {2011}
	}

@article{Pamfilos2011,
	Author = {Paris Pamfilos},
	Date-Added = {2020-01-30 11:46:16 +0000},
	Date-Modified = {2020-01-30 11:48:09 +0000},
	Journal = {Forum Geometricorum},
	Pages = {27--51},
	Title = {Triangles with given incircle and centroid},
	Volume = {11},
	Year = {2011}}

@article{Sliepcevic2013,
	Author = {Ana Sliep\v{c}evi\'c AND Helena Halas},
	Date-Added = {2020-01-30 11:35:53 +0000},
	Date-Modified = {2020-01-30 11:38:38 +0000},
	Journal = {Rad HAZU},
	Pages = {203--2010},
	Title = {Family of triangles and related curves},
	Volume = {515},
	Year = {2013}}

@article{Nikolina-families2012,
	Author = {Kova\v{c}evi\'c, Nikolina AND Sliep\v{c}evi\'c, Ana},
	Date-Added = {2020-01-30 11:15:38 +0000},
	Date-Modified = {2020-01-30 11:21:22 +0000},
	Journal = {KoG-Zagreb},
	Pages = {21-27},
	Title = {On the certain families of triangles},
	Volume = {16},
	Year = {2012}}
	
@book{cox2005-AG,
author={Cox, David and Little, John and O'Shea, Donald},
year={2005},
title={Using Algebraic Geometry},
publisher={Springer},
isbn={978-0387207339}
}

@book{Schenck2003-GA,
author={Hal Schenck},
Publisher = {Cambridge University Press},
Title = {Computational Algebraic Geometry, London Mathematical Society Student Text},
Volume = {58},
Year = {2003}}

@inbook{Sturmfels97-resultants,
Author = {Bernd Sturmfels},
Pages = {25-40},
Publisher = {American Mathematical Society},
Title = {Introduction to resultants, in Applications of Computational Algebraic Geometry},
note={Proceedings of Symposia in Applied Mathematics},
Volume = {53},
Year = {1997}}


