@MISC{impa2019_video,
   author = {Dan Reznik and Ronaldo Garcia and Jair Koiller},
   title = {Adventures with Triangles and Billiards},
   url={youtu.be/t872mftaI2g},
   howpublished={YouTube},
   day={15},
   month={8},
   year={2019},
}

@MISC{reznik_web,
   author = {Dan Reznik and Ronaldo Garcia and Jair Koiller},
   title={New Properties of Triangular Orbits in Elliptic Billiards},
   url={dan-reznik.github.io/Elliptical-Billiards-Triangular-Orbits/},
   year={2019}
}

@MISC{reznik_media,
   author = {Dan Reznik and Ronaldo Garcia and Jair Koiller},
   title={Media for Elliptic Billards and Family of Orbits},
   url={dan-reznik.github.io/Elliptical-Billiards-Triangular-Orbits/videos.html},
   year={2019}
}

@MISC{reznik_loci,
   author = {Dan Reznik},
   title={Triangular Orbits in Elliptic Billards: Loci of Points {X}(1)~{X}(100)},
   url={dan-reznik.github.io/Elliptical-Billiards-Triangular-Orbits/loci_6tri.html},
   year={2019}
}

@MISC{dsr_vid11incenter,
  author={Dan Reznik},
  title={Triangular Orbits in Elliptic Billiards: Locus of the Incenter is an Ellipse},
  year={2011},
  url={youtu.be/9xU6T7hQMzs},
  howpublished={YouTube}
}

@MISC{dsr_vid11e,
  author={Dan Reznik},
  title={Locus of the incircle touchpoints is a higher-order curve},
  year={2011},
  url={youtu.be/9xU6T7hQMzs},
 howpublished={YouTube}
}

@MISC{dsr_applet11a,
  author={Dan Reznik},
  title={Dynamic Billiards in Ellipse},
  url={demonstrations.wolfram.com/DynamicBilliardsInEllipse/},
  publisher={Wolfram Demonstrations Project},
  year={2011}
}

@MISC{dsr_math_intell_playlist,
author={Dan Reznik},
  title={{YouTube} Playlist for Mathematical Intelligencer},
  year={2019},
  howpublished={YouTube},
  url={bit.ly/2kTvPPr}
}

@MISC{dsr_main_videos_2019,
  author={Dan Reznik},
  title={New Properties of Polygonal Orbits in Elliptic Billiards: Main Videos},
  year={2019},
  url={bit.ly/2k5GXbB},
  howpublished={YouTube}
}


@MISC{dsr_playlist_2020_polygons,
  author={Dan Reznik},
  title={Playlist for {``Invariants of N-Periodics in the Elliptic Billiard''}},
  year={2020},
  howpublished={YouTube},
  url={bit.ly/2xeVGYw}
}

@MISC{dsr_playlist_2020_invariants,
  author={Dan Reznik},
  title={Playlist for {``Invariants of 3- and 4-Periodics in the Elliptic Billiard''}},
  year={2020},
  url={bit.ly/3aNqgqU},
  howpublished={YouTube}
}


@MISC{dsr_locus_gallery_2019,
  author={Dan Reznik},
  title={Triangular Orbits in Elliptic Billards: Loci of Points {X(1)~X(100)}},
  year={2019},
  url={dan-reznik.github.io/Elliptical-Billiards-Triangular-Orbits/loci_6tri.html},
  publisher={GitHub}
}

@MISC{dsr_applet_x12345,
author={Dan Reznik},
  title={Applet Showing the Locus of Several Triangular Centers},
  year={2019},
  publisher={P5.js},
  url={editor.p5js.org/dreznik/full/i1Lin7lt7}
}
